@article{ZS2010,
title = "On positivity-preserving high order discontinuous Galerkin schemes for compressible Euler equations on rectangular meshes ",
journal = "Journal of Computational Physics ",
volume = "229",
number = "23",
pages = "8918 - 8934",
year = "2010",
note = "",
issn = "0021-9991",
doi = "http://dx.doi.org/10.1016/j.jcp.2010.08.016",
url = "http://www.sciencedirect.com/science/article/pii/S0021999110004535",
author = "Xiangxiong Zhang and Chi-Wang Shu",
keywords = "Hyperbolic conservation laws",
keywords = "Discontinuous Galerkin method",
keywords = "Positivity preserving",
keywords = "High order accuracy",
keywords = "Compressible Euler equations",
keywords = "Gas dynamics",
keywords = "Finite volume scheme",
keywords = "Essentially non-oscillatory scheme",
keywords = "Weighted essentially non-oscillatory scheme "
}

